@article{ChangeLocator,
author = {wu, Rongxin and Wen, Ming and Cheung, Shing-Chi and Zhang, Hongyu},
year = {2017},
month = {11},
pages = {1-35},
title = {ChangeLocator: locate crash-inducing changes based on crash reports},
booktitle = {Empirical Software Engineering}
}

@article{BLUiR,
author = {Saha, Ripon and Lease, Matthew and Khurshid, Sarfraz and Perry, Dewayne},
year = {2013},
month = {11},
pages = {345-355},
title = {Improving bug localization using structured information retrieval},
booktitle = {2013 28th IEEE/ACM International Conference on Automated Software Engineering, ASE 2013 - Proceedings}
}

@article{BRTracer,
author = {Wong, Chu-Pan and Xiong, Yingfei and Zhang, Hongyu and Hao, Dan and Zhang, Lu and Mei, Hong},
year = {2014},
month = {01},
pages = {181-190},
title = {Boosting bug-report-oriented fault localization with segmentation and stack-trace analysis}
}

@article{CrashLocator,
author = {Wu, Rongxin and Zhang, Hongyu and Cheung, Shing-Chi and Kim, Sunghun},
title = {CrashLocator: Locating Crashing Faults Based on Crash Stacks},
year = {2014},
month = {July},
publisher = {ISSTA 2014},
url = {https://www.microsoft.com/en-us/research/publication/crashlocator-locating-crashing-faults-based-on-crash-stacks/},
}

@inproceedings{BugLocator,
title = {Where should the bugs be fixed? More accurate information retrieval-based bug localization based on bug reports},
author = {Zhou, Jian and Zhang, Hongyu and Lo, David},
booktitle = {International Conference on Software Engineering},
pages = {14-24},
year = {2012},
}

@article{TheImpactOfClassifier,
title={The Impact of Classifier Configuration and Classifier Combination on Bug Localization},
author={Thomas, Stephen W. and Nagappan, Meiyappan and Blostein, Dorothea and Hassan, Ahmed E.},
journal={IEEE Transactions on Software Engineering},
volume={39},
number={10},
pages={1427-1443},
year={2013},
}

@inproceedings{LearningToRank,
title={Learning to rank relevant files for bug reports using domain knowledge},
author={Ye, Xin and Bunescu, Razvan and Liu, Chang},
booktitle={ACM Sigsoft International Symposium on Foundations of Software Engineering},
pages={689-699},
year={2014},
}

@article{Locus,
title={Locus: Locating bugs from software changes},
author={Wen, Ming and Wu, Rongxin and Cheung, Shing Chi},
booktitle={Ieee/acm International Conference on Automated Software Engineering},
pages={262-273},
year={2016},
}

@article{Dallmeier2007Extraction,
title={Extraction of bug localization benchmarks from history},
author={Dallmeier, Valentin and Zimmermann, Thomas},
booktitle={Ieee/acm International Conference on Automated Software Engineering},
pages={433-436},
year={2007},
}

@article{Zhao2015Is,
title={Is Learning-to-Rank Cost-Effective in Recommending Relevant Files for Bug Localization?},
author={Zhao, Fei and Tang, Yaming and Yang, Yibiao and Lu, Hongmin and Zhou, Yuming and Xu, Baowen},
booktitle={IEEE International Conference on Software Quality, Reliability and Security},
pages={298-303},
year={2015},
}

@article{Dilshener2016Locating,
title={Locating bugs without looking back},
author={Dilshener, Tezcan and Wermelinger, Michel and Yu, Yijun},
journal={Automated Software Engineering},
number={10},
pages={1-52},
year={2016},
}

@article{WindowsErrorReport,
  title={Debugging in the (very) large: ten years of implementation and experience},
  author={Kinshumann, Kinshuman and Glerum, Kirk and Greenberg, Steve and Aul, Gabriel and Orgovan, Vince and Nichols, Greg and Grant, David and Loihle, Gretchen and Hunt, Galen},
  journal={Communications of the Acm},
  volume={54},
  number={7},
  pages={111-116},
  year={2011},
}

